@BOOK{latex:companion,
  title = {The {\LaTeX} Companion},
  publisher = {Addison-Wesley},
  year = {2004},
  author = {Frank Mittelbach and Michel Goossens and Johannes Braams and David
	Carlisle and Chris Rowley},
  series = {Addison-Wesley Series on Tools and Techniques for Computer Typesetting},
  address = {Boston, MA, USA},
  edition = {2nd}
}

@MANUAL{lshort,
  title = {The Not So Short Introduction to {\LaTeXe}},
  author = {Tobias Oetiker and Hubert Partl and Irene Hyna and Elisabeth Schlegl},
  edition = {4.2},
  year = {2006}
}

@article{greenwade93,
    author  = "George D. Greenwade",
    title   = "The {C}omprehensive {T}ex {A}rchive {N}etwork ({CTAN})",
    year    = "1993",
    journal = "TUGBoat",
    volume  = "14",
    number  = "3",
    pages   = "342--351"
}

@misc{markdown:overleaf,
    author = {Lian Tze Lim},
    title = {How to write in {M}arkdown on {O}verleaf},
    url={https://www.overleaf.com/blog/441-how-to-write-in-markdown-on-overleaf},
    year={2016}
}

@article{lim:etal:kdtei:2016,
 title = {Digitising a machine-tractable version of {K}amus {D}ewan with \textsc{tei-p5}},
 author = {Lim, Lian Tze and Chiew, Ruoh Tau and Tang, Enya Kong and Rusli, Abdul Ghani and Naimah, Yusof},
 year = 2016,
 extramonth = jul,
 keywords = {Machine-tractable dictionaries, TEI, Language resources, Bahasa Malaysia},
 volume = 4,
 pages = {e2205v1},
 journal = {PeerJ Preprints},
 issn = {2167-9843},
 url = {https://doi.org/10.7287/peerj.preprints.2205v1},
 doi = {10.7287/peerj.preprints.2205v1},
}

@article{Ohno2007,
author = {Ohno, Atsuko and Sasaki, Satoshi and Nishibori, Eiji and Aoyagi, Shinobu and Sakata, Makoto and Iversen, Bo Brummerstedt},
doi = {10.1103/PhysRevB.76.064119},
file = {:Users/rileyhanus/Desktop/Literature/Skutterudite Lit/Ohno Iversen_Xray charge density and  chemical bonding in CoSb3_PRB-2007.pdf:pdf},
issn = {1098-0121},
journal = {Physical Review B},
number = {6},
pages = {064119},
title = {{X-ray charge density study of chemical bonding in skutterudite CoSb$_3$}},
url = {http://link.aps.org/doi/10.1103/PhysRevB.76.064119},
volume = {76},
year = {2007}
}

@article{Hu2012,
author = {Hu, L. P. and Liu, X. H. and Xie, H. H. and Shen, J. J. and Zhu, T. J. and Zhao, X. B.},
doi = {10.1016/j.actamat.2012.05.008},
file = {:Users/rileyhanus/Desktop/Literature/Hu Zhao_Bi2Te3 hot deformation_Acta Mat-2012.pdf:pdf},
issn = {13596454},
journal = {Acta Materialia},
keywords = {Bismuth tellurides,Donor-like effect,Hot deformation,Texture,Thermoelectric materials},
number = {11},
pages = {4431--4437},
title = {{Improving thermoelectric properties of n-type bismuth-telluride-based alloys by deformation-induced lattice defects and texture enhancement}},
volume = {60},
year = {2012}
}
